@article{davis1980comparison,
  title={Comparison of parametric representations for monosyllabic word recognition in continuously spoken sentences},
  author={Davis, Steven B and Mermelstein, Paul},
  journal={Acoustics, Speech and Signal Processing, IEEE Transactions on},
  volume={28},
  number={4},
  pages={357--366},
  year={1980},
  publisher={IEEE}
}

@inproceedings{li2012adaptive,
  title={An adaptive unsupervised clustering of pronunciation errors for automatic pronunciation error detection},
  author={Li, Haifeng and Ma, Lin and others},
  booktitle={Pattern Recognition (ICPR), 2012 21st International Conference on},
  pages={1521--1525},
  year={2012},
  organization={IEEE}
}

@inproceedings{wang2014automatic,
  title={Automatic scoring of scene question-answer in English spoken test},
  author={Wang, Li and Liu, Yong and Pan, Fuping and Dong, Bin and Yan, Yonghong},
  booktitle={Information Science, Electronics and Electrical Engineering (ISEEE), 2014 International Conference on},
  volume={2},
  pages={712--715},
  year={2014},
  organization={IEEE}
}

@inproceedings{arias2009word,
  title={Word stress assessment for computer aided language learning.},
  author={Arias, Juan Pablo and Yoma, Nestor Becerra and Vivanco, Hiram},
  booktitle={INTERSPEECH},
  pages={1135--1138},
  year={2009}
}

@inproceedings{neumeyer1996automatic,
  title={Automatic text-independent pronunciation scoring of foreign language student speech},
  author={Neumeyer, Leonardo and Franco, Horacio and Weintraub, Mitchel and Price, Patti},
  booktitle={Spoken Language, 1996. ICSLP 96. Proceedings., Fourth International Conference on},
  volume={3},
  pages={1457--1460},
  year={1996},
  organization={IEEE}
}

@inproceedings{eyben2010opensmile,
  title={Opensmile: the munich versatile and fast open-source audio feature extractor},
  author={Eyben, Florian and W{\"o}llmer, Martin and Schuller, Bj{\"o}rn},
  booktitle={Proceedings of the international conference on Multimedia},
  pages={1459--1462},
  year={2010},
  organization={ACM}
}

@article{walker2004sphinx,
  title={Sphinx-4: A flexible open source framework for speech recognition},
  author={Walker, Willie and Lamere, Paul and Kwok, Philip and Raj, Bhiksha and Singh, Rita and Gouvea, Evandro and Wolf, Peter and Woelfel, Joe},
  year={2004},
  publisher={Sun Microsystems, Inc.}
}

@article{schuller2013interspeech,
  title={The INTERSPEECH 2013 computational paralinguistics challenge: social signals, conflict, emotion, autism},
  author={Schuller, Bj{\"o}rn and Steidl, Stefan and Batliner, Anton and Vinciarelli, Alessandro and Scherer, Klaus and Ringeval, Fabien and Chetouani, Mohamed and Weninger, Felix and Eyben, Florian and Marchi, Erik and others},
  year={2013}
}

@article{chang2011libsvm,
  title={LIBSVM: A library for support vector machines},
  author={Chang, Chih-Chung and Lin, Chih-Jen},
  journal={ACM Transactions on Intelligent Systems and Technology (TIST)},
  volume={2},
  number={3},
  pages={27},
  year={2011},
  publisher={ACM}
}

@article{mokhtarian1986Scale,
  title={Scale-Based description and recognition of planar curves and two-dimensional shapes},
  author={Mokhtarian F, Mackworth A},
  journal={Pattern Analysis and Machine Intelligence, IEEE Transactions on},
  volume={8},
  number={1},
  pages={34--44},
  year={1986},
  publisher={IEEE}
}

@article{belongie2002Shape,
  title={Shape matching and object recognition using shape contexts},
  author={Belongie S, Malik J, Puzicha J},
  journal={Pattern Analysis and Machine Intelligence, IEEE Transactions on},
  volume={24},
  number={4},
  pages={509--522},
  year={2002},
  publisher={IEEE}
}

